% This file was created with Citavi 6.3.0.0

@article{Qin.2003,
 author = {Qin, S.Joe and Badgwell, Thomas A.},
 year = {2003},
 title = {A survey of industrial model predictive control technology},
 pages = {733--764},
 volume = {11},
 number = {7},
 issn = {09670661},
 journal = {Control Engineering Practice},
 doi = {10.1016/S0967-0661(02)00186-7},
 file = {401149fd-7222-40e9-82cc-e32bd7cf0c98:C\:\\Users\\Charl\\AppData\\Local\\Swiss Academic Software\\Citavi 6\\ProjectCache\\o0bk7bz04bs0frkiz2xy2dl3g4ke70bh81z7dnxcl7o4\\Citavi Attachments\\401149fd-7222-40e9-82cc-e32bd7cf0c98.pdf:pdf}
}


